<?xml version="1.0" encoding="UTF-8"?><collection xmlns="http://www.loc.gov/MARC21/slim"><record><leader>00360nam--2200121-i-4500</leader><controlfield tag="001">000033369</controlfield><controlfield tag="002">20161230</controlfield><controlfield tag="005">20161230201039</controlfield><controlfield tag="008">060222s1000------------r-----000-0-eng-d</controlfield><datafield ind1=" " ind2=" " tag="080"><subfield code="a">621.311</subfield></datafield><datafield ind1=" " ind2=" " tag="245"><subfield code="a">Montarea, exploatarea si intretinerea turbinelor cu abur. manual pentru scolile profesionale</subfield></datafield><datafield ind1=" " ind2=" " tag="260"><subfield code="a">Bucuresti, Ed.Energ.De Stat, 1954, 146p</subfield></datafield><datafield ind1=" " ind2=" " tag="852"><subfield code="a">26051</subfield></datafield></record></collection>